SKU,Name,UPC,Line,Category,Status,Weight_g,Net_Content_ml,UnitsPerCarton,FactoryPriceUnit_Manual,TotalFactoryPriceCarton,EPR_LUCID_per_unit,Shipping_Inbound_per_unit,GS1_per_unit,Retail_Packaging_per_unit,QC_PIF_per_unit,Operations_per_unit,Marketing_per_unit,COGS_EUR,FullCost_EUR,UVP_Net,UVP_Inc,MAP,Grundpreis,VAT%,B2C_Store_Net,B2C_Store_Inc,B2C_Margin_Pct,Amazon_TierKey,Amazon_Net,Amazon_Inc,Amazon_Margin_Pct,Dealer_Basic_Net,Dealer_Plus_Net,Stand_Partner_Net,Distributor_Net,QRUrl
HM-BC-K-6-1–001,Beard Kit 6-in-1,6291108193648,Premium,Barber Care,Active,600,600,10,€11.25,,€0.06,€0.20,€0.10,€0.30,€0.12,€0.22,€0.15,,,€65.36,€77.78,,€155.57/100ml,19,,,,SmallStandard,,,,,,,,https://hairoticmen.de/product/bartpflege-6-teiliges-komplettpaket-fur-manner/
HM-BC-K-3-1–002,Beard Kit 3-in-1,6291109760504,Premium,Barber Care,Active,500,450,10,€6.00,,€0.06,€0.20,€0.10,€0.30,€0.12,€0.22,€0.15,,,€31.73,€37.76,,€75.51/100ml,19,,,,SmallStandard,,,,,,,,https://hairoticmen.de/product/beard-kit-3-in-1/
HM-BC-MBO-50-003,BEARD OIL 50ML magnet box,6291108190364,Professional,Barber Care,Active,80,50,24,€3.00,,€0.06,€0.20,€0.10,€0.30,€0.12,€0.22,€0.15,,,€12.69,€15.10,,€30.20/100ml,19,,,,SmallStandard,,,,,,,,https://hairoticmen.de/product/argan-beard-oil-magnetbox/
HM-BCNBO-50-004,BEARD OIL 50ML normal box,TEMP-HM-BC-PR-50-004,Professional,Barber Care,Active,80,50,24,€1.63,,€0.06,€0.20,€0.10,€0.30,€0.12,€0.22,€0.15,,,€10.20,€12.14,,€24.28/100ml,19,,,,SmallStandard,,,,,,,,https://hairoticmen.de/product/argan-beard-oil/
HM-BC-BS-150-005,BEARD SHAMPOO 150ML,6291108190388,Professional,Barber Care,Active,207.5,150,24,€0.88,,€0.06,€0.20,€0.10,€0.30,€0.12,€0.22,€0.15,,,€8.84,€10.52,,€7.01/100ml,19,,,,SmallStandard,,,,,,,,https://hairoticmen.de/product/beard-shampoo/
HM-BC-BT-150-006,BEARD TONIC 150ML,6291108190395,Professional,Barber Care,Active,200,150,24,€1.00,,€0.06,€0.20,€0.10,€0.30,€0.12,€0.22,€0.15,,,€9.05,€10.77,,€7.18/100ml,19,,,,SmallStandard,,,,,,,,https://hairoticmen.de/product/beard-tonic/
HM-HC-SVS-150-007,SILICON VELVET 150ML,6291108190371,Professional,Hair Care,Active,200,150,24,€3.75,,€0.06,€0.20,€0.10,€0.30,€0.12,€0.22,€0.15,,,€14.05,€16.72,,€11.15/100ml,19,,,,SmallStandard,,,,,,,,https://hairoticmen.de/product/hair-silicone-velvet/
HM-BC-BB-50-008,BEARD BALM 50ML,6291108190401,Professional,Barber Care,Active,80,50,24,€1.25,,€0.06,€0.20,€0.10,€0.30,€0.12,€0.22,€0.15,,,€9.51,€11.32,,€22.63/100ml,19,,,,SmallStandard,,,,,,,,https://hairoticmen.de/product/beard-balm/
HM-A-BB-0-009,BEARD BRUSH,TEMP-HM-BC-T-0-009,Tools,Barber Care,Inactive,120,0,24,€1.41,,€0.06,€0.20,€0.10,€0.30,€0.12,€0.22,€0.15,,,€9.80,€11.66,,,19,,,,SmallStandard,,,,,,,,https://hairoticmen.de/product/beard-brush/
HM-S-SG-500-A-010,SHAVING GEL ADRENALINE 500 ML,6291108190920,Professional,Barber Care,Active,625,500,24,€0.56,,€0.06,€0.35,€0.10,€0.45,€0.12,€0.22,€0.15,,,€8.80,€10.47,,€2.09/100ml,19,,,,LargeStandard_500_1000g,,,,,,,,https://hairoticmen.de/product/shaving-gel/
HM-S-SG-1100-A-011,SHAVING GEL ADRENALINE 1100 ML,6291108190265,Professional,Barber Care,Active,"1,305","1,100",12,€0.83,,€0.06,€0.45,€0.10,€0.65,€0.12,€0.22,€0.15,,,€9.84,€11.71,,€1.06/100ml,19,,,,LargeStandard_1000_1500g,,,,,,,,https://hairoticmen.de/product/shaving-gel/
HM-S-SG-500-CR-012,SHAVING GEL CODE RED 500 ML,6291109356530,Professional,Barber Care,Active,625,500,24,€0.56,,€0.06,€0.35,€0.10,€0.45,€0.12,€0.22,€0.15,,,€8.80,€10.47,,€2.09/100ml,19,,,,LargeStandard_500_1000g,,,,,,,,https://hairoticmen.de/product/shaving-gel/
HM-S-SG-1100-CR-013,SHAVING GEL CODE RED 1100 ML,6291109353256,Professional,Barber Care,Active,"1,305","1,100",12,€0.83,,€0.06,€0.45,€0.10,€0.65,€0.12,€0.22,€0.15,,,€9.84,€11.71,,€1.06/100ml,19,,,,LargeStandard_1000_1500g,,,,,,,,https://hairoticmen.de/product/shaving-gel/
HM-S-SG-500-DS-014,SHAVING GEL DEEP SKY 500 ML,6291108190906,Professional,Barber Care,Active,625,500,24,€0.56,,€0.06,€0.35,€0.10,€0.45,€0.12,€0.22,€0.15,,,€8.80,€10.47,,€2.09/100ml,19,,,,LargeStandard_500_1000g,,,,,,,,https://hairoticmen.de/product/shaving-gel/
HM-S-SG-1100-DS-015,SHAVING GEL DEEP SKY 1100 ML,6291108190241,Professional,Barber Care,Active,"1,305","1,100",12,€0.83,,€0.06,€0.45,€0.10,€0.65,€0.12,€0.22,€0.15,,,€9.84,€11.71,,€1.06/100ml,19,,,,LargeStandard_1000_1500g,,,,,,,,https://hairoticmen.de/product/shaving-gel/
HM-S-SG-500-D-016,SHAVING GEL DIAMOND 500 ML,6291109356547,Professional,Barber Care,Active,625,500,24,€0.56,,€0.06,€0.35,€0.10,€0.45,€0.12,€0.22,€0.15,,,€8.80,€10.47,,€2.09/100ml,19,,,,LargeStandard_500_1000g,,,,,,,,https://hairoticmen.de/product/shaving-gel/
HM-S-SG-1100-D-017,SHAVING GEL DIAMOND 1100 ML,6291109353287,Professional,Barber Care,Active,"1,305","1,100",12,€0.83,,€0.06,€0.45,€0.10,€0.65,€0.12,€0.22,€0.15,,,€9.84,€11.71,,€1.06/100ml,19,,,,LargeStandard_1000_1500g,,,,,,,,https://hairoticmen.de/product/shaving-gel/
HM-S-SG-500-E-018,SHAVING GEL EXOTIC 500 ML,6291108190296,Professional,Barber Care,Active,625,500,24,€0.56,,€0.06,€0.35,€0.10,€0.45,€0.12,€0.22,€0.15,,,€8.80,€10.47,,€2.09/100ml,19,,,,LargeStandard_500_1000g,,,,,,,,https://hairoticmen.de/product/shaving-gel/
HM-S-SG-1100-E-019,SHAVING GEL EXOTIC 1100 ML,6291108190258,Professional,Barber Care,Active,"1,305","1,100",12,€0.83,,€0.06,€0.45,€0.10,€0.65,€0.12,€0.22,€0.15,,,€9.84,€11.71,,€1.06/100ml,19,,,,LargeStandard_1000_1500g,,,,,,,,https://hairoticmen.de/product/shaving-gel/
HM-S-SG-500-GS-020,SHAVING GEL GOLDEN SANDS 500 ML,6291108197431,Professional,Barber Care,Active,625,500,24,€0.56,,€0.06,€0.35,€0.10,€0.45,€0.12,€0.22,€0.15,,,€8.80,€10.47,,€2.09/100ml,19,,,,LargeStandard_500_1000g,,,,,,,,https://hairoticmen.de/product/shaving-gel/
HM-S-SG-1100-GS-021,SHAVING GEL GOLDEN SANDS 1100 ML,6291108197448,Professional,Barber Care,Active,"1,305","1,100",12,€0.83,,€0.06,€0.45,€0.10,€0.65,€0.12,€0.22,€0.15,,,€9.84,€11.71,,€1.06/100ml,19,,,,LargeStandard_1000_1500g,,,,,,,,https://hairoticmen.de/product/shaving-gel/
HM-S-SG-500-I-022,SHAVING GEL INFINITE 500 ML,6291108190937,Professional,Barber Care,Active,625,500,24,€0.56,,€0.06,€0.35,€0.10,€0.45,€0.12,€0.22,€0.15,,,€8.80,€10.47,,€2.09/100ml,19,,,,LargeStandard_500_1000g,,,,,,,,https://hairoticmen.de/product/shaving-gel/
HM-S-SG-1100-I-023,SHAVING GEL INFINITE 1100 ML,6291108190272,Professional,Barber Care,Active,"1,305","1,100",12,€0.83,,€0.06,€0.45,€0.10,€0.65,€0.12,€0.22,€0.15,,,€9.84,€11.71,,€1.06/100ml,19,,,,LargeStandard_1000_1500g,,,,,,,,https://hairoticmen.de/product/shaving-gel/
HM-S-SG-500-JOS-024,SHAVING GEL JACK OF SPADES 500 ML,6291109356554,Professional,Barber Care,Active,625,500,24,€0.56,,€0.06,€0.35,€0.10,€0.45,€0.12,€0.22,€0.15,,,€8.80,€10.47,,€2.09/100ml,19,,,,LargeStandard_500_1000g,,,,,,,,https://hairoticmen.de/product/shaving-gel/
HM-S-SG-1100-JOS-025,SHAVING GEL JACK OF SPADES 1100 ML,6291108199022,Professional,Barber Care,Active,"1,305","1,100",12,€0.83,,€0.06,€0.45,€0.10,€0.65,€0.12,€0.22,€0.15,,,€9.84,€11.71,,€1.06/100ml,19,,,,LargeStandard_1000_1500g,,,,,,,,https://hairoticmen.de/product/shaving-gel/
HM-S-SG-500-MO-026,SHAVING GEL MONARCH ORCHID 500 ML,6291108194805,Professional,Barber Care,Active,625,500,24,€0.56,,€0.06,€0.35,€0.10,€0.45,€0.12,€0.22,€0.15,,,€8.80,€10.47,,€2.09/100ml,19,,,,LargeStandard_500_1000g,,,,,,,,https://hairoticmen.de/product/shaving-gel/
HM-S-SG-1100-MO-027,SHAVING GEL MONARCH ORCHID 1100 ML,6291108193204,Professional,Barber Care,Active,"1,305","1,100",12,€0.83,,€0.06,€0.45,€0.10,€0.65,€0.12,€0.22,€0.15,,,€9.84,€11.71,,€1.06/100ml,19,,,,LargeStandard_1000_1500g,,,,,,,,https://hairoticmen.de/product/shaving-gel/
HM-S-ASB-500-DS-028,AFTER SHAVE BALM DEEP SKY 500 ML,6291108190814,Professional,Barber Care,Active,600,500,24,€0.88,,€0.06,€0.35,€0.10,€0.45,€0.12,€0.22,€0.15,,,€9.38,€11.16,,€2.23/100ml,19,,,,LargeStandard_500_1000g,,,,,,,,https://hairoticmen.de/product/aftershave-cologne/
HM-S-ASB-500-E-029,AFTER SHAVE BALM EXOTIC 500 ML,6291108190821,Professional,Barber Care,Active,600,500,24,€0.88,,€0.06,€0.35,€0.10,€0.45,€0.12,€0.22,€0.15,,,€9.38,€11.16,,€2.23/100ml,19,,,,LargeStandard_500_1000g,,,,,,,,https://hairoticmen.de/product/aftershave-cologne/
HM-S-ASB-500-I-030,AFTER SHAVE BALM INFINITE 500 ML,6291108190845,Professional,Barber Care,Active,600,500,24,€0.88,,€0.06,€0.35,€0.10,€0.45,€0.12,€0.22,€0.15,,,€9.38,€11.16,,€2.23/100ml,19,,,,LargeStandard_500_1000g,,,,,,,,https://hairoticmen.de/product/aftershave-cologne/
HM-S-ASB-500-A-031,AFTER SHAVE BALM ADRENALINE 500 ML,6291108190838,Professional,Barber Care,Active,600,500,24,€0.88,,€0.06,€0.35,€0.10,€0.45,€0.12,€0.22,€0.15,,,€9.38,€11.16,,€2.23/100ml,19,,,,LargeStandard_500_1000g,,,,,,,,https://hairoticmen.de/product/aftershave-cologne/
HM-S-ASC-500-A-032,AFTER SHAVE COLOGNE ADRENALINE 500 ML,6291108190302,Professional,Barber Care,Active,600,500,24,€1.13,,€0.06,€0.35,€0.10,€0.45,€0.12,€0.22,€0.15,,,€9.84,€11.71,,€2.34/100ml,19,,,,LargeStandard_500_1000g,,,,,,,,https://hairoticmen.de/product/aftershave-cologne/
HM-S-ASC-175-A-033,AFTER SHAVE COLOGNE ADRENALINE 175 ML,6291509648266,Professional,Barber Care,Active,225,175,48,€0.63,,€0.06,€0.20,€0.10,€0.30,€0.12,€0.22,€0.15,,,€8.38,€9.97,,€5.70/100ml,19,,,,SmallStandard,,,,,,,,https://hairoticmen.de/product/aftershave-cologne/
HM-S-ASC-500-CR-034,AFTER SHAVE COLOGNE CODE RED 500 ML,6291109353263,Professional,Barber Care,Active,600,500,24,€1.13,,€0.06,€0.35,€0.10,€0.45,€0.12,€0.22,€0.15,,,€9.84,€11.71,,€2.34/100ml,19,,,,LargeStandard_500_1000g,,,,,,,,https://hairoticmen.de/product/aftershave-cologne/
HM-S-ASC-175-CR-035,AFTER SHAVE COLOGNE CODE RED 175 ML,6291509648273,Professional,Barber Care,Active,225,175,48,€0.63,,€0.06,€0.20,€0.10,€0.30,€0.12,€0.22,€0.15,,,€8.38,€9.97,,€5.70/100ml,19,,,,SmallStandard,,,,,,,,https://hairoticmen.de/product/aftershave-cologne/
HM-S-ASC-500-D-036,AFTER SHAVE COLOGNE DIAMOND 500 ML,6291109353294,Professional,Barber Care,Active,600,500,24,€1.13,,€0.06,€0.35,€0.10,€0.45,€0.12,€0.22,€0.15,,,€9.84,€11.71,,€2.34/100ml,19,,,,LargeStandard_500_1000g,,,,,,,,https://hairoticmen.de/product/aftershave-cologne/
HM-S-ASC-175-D-037,AFTER SHAVE COLOGNE DIAMOND 175 ML,6291509648297,Professional,Barber Care,Active,225,175,48,€0.63,,€0.06,€0.20,€0.10,€0.30,€0.12,€0.22,€0.15,,,€8.38,€9.97,,€5.70/100ml,19,,,,SmallStandard,,,,,,,,https://hairoticmen.de/product/aftershave-cologne/
HM-S-ASC-500-DS-038,AFTER SHAVE COLOGNE DEEP SKY 500 ML,6291108190289,Professional,Barber Care,Active,600,500,24,€1.13,,€0.06,€0.35,€0.10,€0.45,€0.12,€0.22,€0.15,,,€9.84,€11.71,,€2.34/100ml,19,,,,LargeStandard_500_1000g,,,,,,,,https://hairoticmen.de/product/aftershave-cologne/
HM-S-ASC-175-DS-039,AFTER SHAVE COLOGNE DEEP SKY 175 ML,6291509647191,Professional,Barber Care,Active,225,175,48,€0.63,,€0.06,€0.20,€0.10,€0.30,€0.12,€0.22,€0.15,,,€8.38,€9.97,,€5.70/100ml,19,,,,SmallStandard,,,,,,,,https://hairoticmen.de/product/aftershave-cologne/
HM-S-ASC-500-E-040,AFTER SHAVE COLOGNE EXOTIC 500 ML,6291108190296,Professional,Barber Care,Active,600,500,24,€1.13,,€0.06,€0.35,€0.10,€0.45,€0.12,€0.22,€0.15,,,€9.84,€11.71,,€2.34/100ml,19,,,,LargeStandard_500_1000g,,,,,,,,https://hairoticmen.de/product/aftershave-cologne/
HM-S-ASC-175-E-041,AFTER SHAVE COLOGNE EXOTIC 175 ML,6291509648259,Professional,Barber Care,Active,225,175,48,€0.63,,€0.06,€0.20,€0.10,€0.30,€0.12,€0.22,€0.15,,,€8.38,€9.97,,€5.70/100ml,19,,,,SmallStandard,,,,,,,,https://hairoticmen.de/product/aftershave-cologne/
HM-S-ASC-500-GS-042,AFTER SHAVE COLOGNE GOLDEN SANDS 500 ML,6291108197424,Professional,Barber Care,Active,600,500,24,€1.13,,€0.06,€0.35,€0.10,€0.45,€0.12,€0.22,€0.15,,,€9.84,€11.71,,€2.34/100ml,19,,,,LargeStandard_500_1000g,,,,,,,,https://hairoticmen.de/product/aftershave-cologne/
HM-S-ASC-175-GS-043,AFTER SHAVE COLOGNE GOLDEN SANDS 175 ML,6291509647207,Professional,Barber Care,Active,225,175,48,€0.63,,€0.06,€0.20,€0.10,€0.30,€0.12,€0.22,€0.15,,,€8.38,€9.97,,€5.70/100ml,19,,,,SmallStandard,,,,,,,,https://hairoticmen.de/product/aftershave-cologne/
HM-S-ASC-500-I-044,AFTER SHAVE COLOGNE INFINITE 500 ML,6291108190319,Professional,Barber Care,Active,600,500,24,€1.13,,€0.06,€0.35,€0.10,€0.45,€0.12,€0.22,€0.15,,,€9.84,€11.71,,€2.34/100ml,19,,,,LargeStandard_500_1000g,,,,,,,,https://hairoticmen.de/product/aftershave-cologne/
HM-S-ASC-175-I-045,AFTER SHAVE COLOGNE INFINITE 175 ML,6291509647177,Professional,Barber Care,Active,225,175,48,€0.63,,€0.06,€0.20,€0.10,€0.30,€0.12,€0.22,€0.15,,,€8.38,€9.97,,€5.70/100ml,19,,,,SmallStandard,,,,,,,,https://hairoticmen.de/product/aftershave-cologne/
HM-S-ASC-500-JOS-046,AFTER SHAVE COLOGNE JACK OF SPADES 500 ML,6291108199046,Professional,Barber Care,Active,600,500,24,€1.13,,€0.06,€0.35,€0.10,€0.45,€0.12,€0.22,€0.15,,,€9.84,€11.71,,€2.34/100ml,19,,,,LargeStandard_500_1000g,,,,,,,,https://hairoticmen.de/product/aftershave-cologne/
HM-S-ASC-175-MO-047,AFTER SHAVE COLOGNE JACK OF SPADES 175 ML,6291108193211,Professional,Barber Care,Active,225,175,48,€0.63,,€0.06,€0.20,€0.10,€0.30,€0.12,€0.22,€0.15,,,€8.38,€9.97,,€5.70/100ml,19,,,,SmallStandard,,,,,,,,https://hairoticmen.de/product/aftershave-cologne/
HM-S-ASC-500-MO-048,AFTER SHAVE COLOGNE MONARCH ORCHID 500 ML,6291509647184,Professional,Barber Care,Active,600,500,24,€1.13,,€0.06,€0.35,€0.10,€0.45,€0.12,€0.22,€0.15,,,€9.84,€11.71,,€2.34/100ml,19,,,,LargeStandard_500_1000g,,,,,,,,https://hairoticmen.de/product/aftershave-cologne/
HM-S-ASC-175-JOS-049,AFTER SHAVE COLOGNE MONARCH ORCHID 175 ML,6291509648280,Professional,Barber Care,Active,225,175,48,€0.63,,€0.06,€0.20,€0.10,€0.30,€0.12,€0.22,€0.15,,,€8.38,€9.97,,€5.70/100ml,19,,,,SmallStandard,,,,,,,,https://hairoticmen.de/product/aftershave-cologne/
HM-HS-AW-150-US-050,AQUA WAX ULTRA STRONG HOLD 150 ML,6291108190876,Professional,Styling,Active,185,150,48,€0.79,,€0.06,€0.20,€0.10,€0.30,€0.12,€0.22,€0.15,,,€8.67,€10.32,,€7.64/100g,19,,,,SmallStandard,,,,,,,,https://hairoticmen.de/product/aqua-wax-perfekter-glanz-halt/
HM-HS-AW-150-MH-051,AQUA WAX MEGA HOLD 150 ML,6291108190852,Professional,Styling,Active,185,150,48,€0.79,,€0.06,€0.20,€0.10,€0.30,€0.12,€0.22,€0.15,,,€8.67,€10.32,,€7.64/100g,19,,,,SmallStandard,,,,,,,,https://hairoticmen.de/product/aqua-wax-perfekter-glanz-halt/
HM-HS-AW-150-SH-052,AQUA WAX STRONG HOLD 150 ML,6291108190883,Professional,Styling,Active,185,150,48,€0.79,,€0.06,€0.20,€0.10,€0.30,€0.12,€0.22,€0.15,,,€8.67,€10.32,,€7.64/100g,19,,,,SmallStandard,,,,,,,,https://hairoticmen.de/product/aqua-wax-perfekter-glanz-halt/
HM-HS-AW-150-MH-053,AQUA WAX MAXIMUM HOLD 150 ML,6291108190869,Professional,Styling,Active,185,150,48,€0.79,,€0.06,€0.20,€0.10,€0.30,€0.12,€0.22,€0.15,,,€8.67,€10.32,,€7.64/100g,19,,,,SmallStandard,,,,,,,,https://hairoticmen.de/product/aqua-wax-perfekter-glanz-halt/
HM-HS-CW-150-054,CLAY WAX 150 ML,6291109352860,Professional,Styling,Active,185,150,48,€1.18,,€0.06,€0.20,€0.10,€0.30,€0.12,€0.22,€0.15,,,€9.38,€11.16,,€8.27/100g,19,,,,SmallStandard,,,,,,,,https://hairoticmen.de/product/matte-clay-wax-matten-look/
HM-HS-BW-150-055,MATTE WAX 150 ML,6291108191781,Professional,Styling,Active,185,150,48,€0.81,,€0.06,€0.20,€0.10,€0.30,€0.12,€0.22,€0.15,,,€8.71,€10.36,,€7.68/100g,19,,,,SmallStandard,,,,,,,,https://hairoticmen.de/product/matte-wax-naturliches-styling/
HM-HS-GW-150-056,GENTLE WAX 150 ML,6291108193594,Professional,Styling,Active,185,150,48,€0.88,,€0.06,€0.20,€0.10,€0.30,€0.12,€0.22,€0.15,,,€8.84,€10.52,,€7.79/100g,19,,,,SmallStandard,,,,,,,,https://hairoticmen.de/product/haarwachs-gentle-150ml-naturlicher-halt-pflege/
HM-HS-SW-150-057,BLACK WAX 150 ML,6291108191774,Professional,Styling,Active,185,150,48,€0.81,,€0.06,€0.20,€0.10,€0.30,€0.12,€0.22,€0.15,,,€8.71,€10.36,,€7.68/100g,19,,,,SmallStandard,,,,,,,,https://hairoticmen.de/product/black-wax-ultra-styling/
HM-HS-MW-150-058,SPIDER WAX 150 ML,6291108191330,Professional,Styling,Active,185,150,48,€0.93,,€0.06,€0.20,€0.10,€0.30,€0.12,€0.22,€0.15,,,€8.93,€10.62,,€7.87/100g,19,,,,SmallStandard,,,,,,,,https://hairoticmen.de/product/spider-wax/
HM-HS-PW-20-059,POWDER WAX 20 GR,6291108182857,Professional,Styling,Active,48,20,48,€2.25,,€0.06,€0.20,€0.10,€0.30,€0.12,€0.22,€0.15,,,€11.33,€13.48,,€74.89/100g,19,,,,SmallStandard,,,,,,,,https://hairoticmen.de/product/volumen-haarpuder-20g-fur-flexibles-styling/
HM-HS-SC-150-060,STYLING CREAM 150 ML,6291108193631,Professional,Styling,Active,200,150,48,€0.80,,€0.06,€0.20,€0.10,€0.30,€0.12,€0.22,€0.15,,,€8.69,€10.34,,€6.89/100ml,19,,,,SmallStandard,,,,,,,,https://hairoticmen.de/product/hair-styling-cream/
HM-GEL-CLEAR-500,HAIR GEL CLEAR 500 ML,6291108198230,Professional,Styling,Active,625,500,24,€0.98,,€0.06,€0.35,€0.10,€0.45,€0.12,€0.22,€0.15,,,€9.56,€11.38,,€2.28/100ml,19,,,,LargeStandard_500_1000g,,,,,,,,https://hairoticmen.de/product/hair-gel-clear/
HM-HS-HG-1000-062,HAIR GEL CLEAR 1000 ML,6291108198247,Professional,Styling,Active,"1,200","1,000",12,€1.50,,€0.06,€0.45,€0.10,€0.65,€0.12,€0.22,€0.15,,,€11.05,€13.15,,€1.32/100ml,19,,,,LargeStandard_1000_1500g,,,,,,,,https://hairoticmen.de/product/hair-gel-clear/
HM-HS-HG-500-063,HAIR GEL BLACK 500 ML,6291108192917,Professional,Styling,Active,625,500,24,€0.98,,€0.06,€0.35,€0.10,€0.45,€0.12,€0.22,€0.15,,,€9.56,€11.38,,€2.28/100ml,19,,,,LargeStandard_500_1000g,,,,,,,,https://hairoticmen.com/product/HM-S-PR-500-063
HM-HS-HG-1000-064,HAIR GEL BLACK 1000 ML,6291108194386,Professional,Styling,Active,"1,200","1,000",12,€1.50,,€0.06,€0.45,€0.10,€0.65,€0.12,€0.22,€0.15,,,€11.05,€13.15,,€1.32/100ml,19,,,,LargeStandard_1000_1500g,,,,,,,,https://hairoticmen.de/product/hair-gel-black/
HM-HS-HG-1000-SH-065,HAIR GEL STRONG HOLD (6) 1000 ML,6291108190357,Professional,Styling,Active,"1,200","1,000",12,€1.50,,€0.06,€0.45,€0.10,€0.65,€0.12,€0.22,€0.15,,,€11.05,€13.15,,€1.32/100ml,19,,,,LargeStandard_1000_1500g,,,,,,,,https://hairoticmen.de/product/hair-gel-maximale-kontrolle/
HM-HS-HG-500-SH-066,HAIR GEL STRONG HOLD (6) 500 ML,6291108194379,Professional,Styling,Active,625,500,24,€0.98,,€0.06,€0.35,€0.10,€0.45,€0.12,€0.22,€0.15,,,€9.56,€11.38,,€2.28/100ml,19,,,,LargeStandard_500_1000g,,,,,,,,https://hairoticmen.de/product/hair-gel-maximale-kontrolle/
HM-HS-HG-1000-US-067,HAIR GEL ULTRA STRONG HOLD (7) 1000 ML,6291108190333,Professional,Styling,Active,"1,200","1,000",12,€1.50,,€0.06,€0.45,€0.10,€0.65,€0.12,€0.22,€0.15,,,€11.05,€13.15,,€1.32/100ml,19,,,,LargeStandard_1000_1500g,,,,,,,,https://hairoticmen.de/product/hair-gel-maximale-kontrolle/
HM-HS-HG-500-US-068,HAIR GEL ULTRA STRONG HOLD (7) 500 ML,6291108194355,Professional,Styling,Active,625,500,24,€0.98,,€0.06,€0.35,€0.10,€0.45,€0.12,€0.22,€0.15,,,€9.56,€11.38,,€2.28/100ml,19,,,,LargeStandard_500_1000g,,,,,,,,https://hairoticmen.de/product/hair-gel-maximale-kontrolle/
HM-HS-HG-1000-MH-069,HAIR GEL MEGA HOLD (8) 1000 ML,6291108190326,Professional,Styling,Active,"1,200","1,000",12,€1.50,,€0.06,€0.45,€0.10,€0.65,€0.12,€0.22,€0.15,,,€11.05,€13.15,,€1.32/100ml,19,,,,LargeStandard_1000_1500g,,,,,,,,https://hairoticmen.de/product/hair-gel-maximale-kontrolle/
HM-HS-HG-500-MH-070,HAIR GEL MEGA HOLD (8) 500 ML,6291108194348,Professional,Styling,Active,625,500,24,€0.98,,€0.06,€0.35,€0.10,€0.45,€0.12,€0.22,€0.15,,,€9.56,€11.38,,€2.28/100ml,19,,,,LargeStandard_500_1000g,,,,,,,,https://hairoticmen.de/product/hair-gel-maximale-kontrolle/
HM-HS-HG-1000-MH-071,HAIR GEL MAXIMUM HOLD (9) 1000 ML,6291108190340,Professional,Styling,Active,"1,200","1,000",12,€1.50,,€0.06,€0.45,€0.10,€0.65,€0.12,€0.22,€0.15,,,€11.05,€13.15,,€1.32/100ml,19,,,,LargeStandard_1000_1500g,,,,,,,,https://hairoticmen.de/product/hair-gel-maximale-kontrolle/
HM-HS-HG-500-MH-072,HAIR GEL MAXIMUM HOLD (9) 500 ML,6291108194362,Professional,Styling,Active,625,500,24,€0.98,,€0.06,€0.35,€0.10,€0.45,€0.12,€0.22,€0.15,,,€9.56,€11.38,,€2.28/100ml,19,,,,LargeStandard_500_1000g,,,,,,,,https://hairoticmen.de/product/hair-gel-maximale-kontrolle/
HM-BC-TO-250-073,TANNING OIL 250 ML,6291108199671,Professional,Hair Care,Active,300,250,24,€1.04,,€0.06,€0.20,€0.10,€0.30,€0.12,€0.22,€0.15,,,€9.13,€10.86,,€4.34/100ml,19,,,,SmallStandard,,,,,,,,https://hairoticmen.de/product/tanning-oil/
HM-HC-S-500-074,SULFATE FREE SHAMPOO 500 ML,6291109351061,Professional,Hair Care,Active,625,500,24,€1.64,,€0.06,€0.35,€0.10,€0.45,€0.12,€0.22,€0.15,,,€10.76,€12.81,,€2.56/100ml,19,,,,LargeStandard_500_1000g,,,,,,,,https://hairoticmen.de/product/sulfate-free-shampoo/
HM-HC-C-500-075,SULFATE FREE CONDITIONER 500 ML,6291109351078,Professional,Hair Care,Active,625,500,24,€1.48,,€0.06,€0.35,€0.10,€0.45,€0.12,€0.22,€0.15,,,€10.47,€12.46,,€2.49/100ml,19,,,,LargeStandard_500_1000g,,,,,,,,https://hairoticmen.de/product/sulfate-free-conditioner/
HM-SC-BC-500-076,BRIGHTENING CREAM 3 IN 1 500 ML,6291108194669,Professional,Styling,Active,600,500,24,€1.13,,€0.06,€0.35,€0.10,€0.45,€0.12,€0.22,€0.15,,,€9.84,€11.71,,€2.34/100ml,19,,,,LargeStandard_500_1000g,,,,,,,,https://hairoticmen.de/product/brightening-cream-3-in-1/
HM-SC-FS-500-B&M-077,FACE SCRUB BLACK & MINT 500 ML,6291108191385,Professional,Hair Care,Active,600,500,24,€1.00,,€0.06,€0.35,€0.10,€0.45,€0.12,€0.22,€0.15,,,€9.60,€11.42,,€2.28/100ml,19,,,,LargeStandard_500_1000g,,,,,,,,https://hairoticmen.de/product/face-scrub-black-und-mint/
HM-SC-PM-500-078,PEEL OFF MASK 500ML,6291108190890,Professional,Hair Care,Active,600,500,24,€1.88,,€0.06,€0.35,€0.10,€0.45,€0.12,€0.22,€0.15,,,€11.20,€13.33,,€2.67/100ml,19,,,,LargeStandard_500_1000g,,,,,,,,https://hairoticmen.de/product/peel-off-mask/
HM-HC-LC-500-079,LEAVE IN CONDITIONER 500ML,6291108192368,Professional,Hair Care,Active,625,500,24,€1.25,,€0.06,€0.35,€0.10,€0.45,€0.12,€0.22,€0.15,,,€10.05,€11.96,,€2.39/100ml,19,,,,LargeStandard_500_1000g,,,,,,,,https://hairoticmen.de/product/leave-in-conditioner/
HM-HC-S-500-B&M-080,SHAMPOO BLACK & MINT 500ML,6291509629210,Professional,Hair Care,Active,625,500,24,€1.29,,€0.06,€0.35,€0.10,€0.45,€0.12,€0.22,€0.15,,,€10.13,€12.05,,€2.41/100ml,19,,,,LargeStandard_500_1000g,,,,,,,,https://hairoticmen.de/product/black-shampoo-mit-mint/
HM-HC-C-500-B&M-081,CONDITIONER BLACK & MINT 500ML,6291108191378,Professional,Hair Care,Active,625,500,24,€1.11,,€0.06,€0.35,€0.10,€0.45,€0.12,€0.22,€0.15,,,€9.80,€11.66,,€2.33/100ml,19,,,,LargeStandard_500_1000g,,,,,,,,https://hairoticmen.de/product/schwarzer-conditioner-mit-minz/
HM-HS-HS-600-MH-082,HAIR SPRAY MEGA HOLD 600 ML,6291108190463,Professional,Styling,Active,700,600,12,€2.65,,€0.06,€0.35,€0.10,€0.45,€0.12,€0.22,€0.15,,,€12.60,€14.99,,€2.50/100ml,19,,,,LargeStandard_500_1000g,,,,,,,,https://hairoticmen.de/product/hair-spray-mega-hold/
HM-SC-SS-4500-083,SILVER SCENT SHAMPOO 4.5 LTR,6291108190647,Premium,Hair Care,Active,"4,875","4,500",4,€5.00,,€0.06,€0.45,€0.10,€0.65,€0.12,€0.22,€0.15,,,€17.42,€20.73,,€0.46/100ml,19,,,,LargeStandard_2000_4000g,,,,,,,,https://hairoticmen.de/product/silver-scent-shampoo/
HM-H-AS-150-084,ALCOHOL SPRAY (ETHANOL %70) 150 ML,6291109359814,Professional,Styling,Active,200,150,48,€0.92,,€0.06,€0.20,€0.10,€0.30,€0.12,€0.22,€0.15,,,€8.91,€10.60,,€7.07/100ml,19,,,,SmallStandard,,,,,,,,https://hairoticmen.de/product/alkohol-sabri-ethanol-70/
HM-A-SR-300-085,STAIN REMOVER 300ML,TEMP-HM-HC-PR-300-085,Professional,Hair Care,Active,350,300,24,€0.90,,€0.06,€0.20,€0.10,€0.30,€0.12,€0.22,€0.15,,,€8.87,€10.56,,€3.52/100ml,19,,,,SmallStandard,,,,,,,,https://hairoticmen.de/product/stain-remover/
HM-SC-PTK-1100-086,Protein Treatment Set 1100ml (Includes Shampoo Treatment Conditioner),6291108190364,Premium,Hair Care,Inactive,"3,950","3,950",5,€1.25,,€0.06,€0.45,€0.10,€0.65,€0.12,€0.22,€0.15,,,€97.78,€116.36,,€10.58/100ml,19,,,,LargeStandard_2000_4000g,,,,,,,,https://hairoticmen.com/product/HM-HC-P-1100-086
HM-SC-PTK-500-087,Protein Treatment Set 500ml (Includes Shampoo Treatment Conditioner),TEMP-HM-HC-P-500-087,Premium,Hair Care,Inactive,"3,600","3,600",5,€52.15,,€0.06,€0.35,€0.10,€0.45,€0.12,€0.22,€0.15,,,€49.95,€59.44,,€11.89/100ml,19,,,,LargeStandard_2000_4000g,,,,,,,,https://hairoticmen.com/product/HM-HC-P-500-087
HM-S-SC/T-1500-088,Shaving Cream & Hair & Beard Treatment 2-in-1 1500ml,6291108193648,Professional,Barber Care,Inactive,"1,650","1,500",12,€26.15,,€0.06,€0.45,€0.10,€0.65,€0.12,€0.22,€0.15,,,€5.29,€6.30,,€0.42/100ml,19,,,,LargeStandard_1500_2000g,,,,,,,,https://hairoticmen.com/product/HM-BC-PR-1500-088
HM-A-CC-250-089,Clipper Care 250ml,6291109760504,Tools,Accessories,Inactive,300,250,24,€1.30,,€0.06,€0.20,€0.10,€0.30,€0.12,€0.22,€0.15,,,€4.31,€5.13,,€2.28/100g,19,,,,SmallStandard,,,,,,,,https://hairoticmen.de/product/clipper-care-spray/